<collection xmlns="http://www.loc.gov/MARC21/slim"><record><leader>00755nam  2200241   450</leader><controlfield tag="001">92</controlfield><controlfield tag="003">http://montalegre.opacnet.com/OPAC/default.aspx?ContentAreaControl=ShowRegHoldings.ascx&amp;RegNo=16662</controlfield><datafield tag="021" ind1=" " ind2=" "><subfield code="a">PT</subfield><subfield code="b">65757/93</subfield></datafield><datafield tag="095" ind1=" " ind2=" "><subfield code="a">PTBN00514614</subfield></datafield><datafield tag="100" ind1=" " ind2=" "><subfield code="a">20061013d1993    m  y0pory010305  ba</subfield></datafield><datafield tag="101" ind1="0" ind2=" "><subfield code="a">por</subfield></datafield><datafield tag="102" ind1=" " ind2=" "><subfield code="a">PT</subfield></datafield><datafield tag="105" ind1=" " ind2=" "><subfield code="a">y   z   000zy</subfield></datafield><datafield tag="106" ind1=" " ind2=" "><subfield code="a">r</subfield></datafield><datafield tag="200" ind1="1" ind2=" "><subfield code="a">Trevas</subfield><subfield code="f">Thomas Bernhard</subfield><subfield code="g">trad., introd. e cronologia Ernesto Sampaio</subfield></datafield><datafield tag="210" ind1=" " ind2=" "><subfield code="a">Lisboa</subfield><subfield code="c">Hiena</subfield><subfield code="d">1993</subfield></datafield><datafield tag="215" ind1=" " ind2=" "><subfield code="a">76, [1] p.</subfield><subfield code="d">21 cm</subfield></datafield><datafield tag="225" ind1="2" ind2=" "><subfield code="a">Memória do abismo</subfield><subfield code="v">45</subfield></datafield><datafield tag="675" ind1=" " ind2=" "><subfield code="a">830(436)-5"19"</subfield><subfield code="v">BN</subfield><subfield code="z">por</subfield></datafield><datafield tag="700" ind1=" " ind2="1"><subfield code="a">Bernhard</subfield><subfield code="b">Thomas</subfield><subfield code="f">1931-1989</subfield></datafield><datafield tag="702" ind1=" " ind2="1"><subfield code="a">Sampaio</subfield><subfield code="b">Ernesto</subfield><subfield code="4">730</subfield></datafield><datafield tag="801" ind1=" " ind2="0"><subfield code="a">PT</subfield><subfield code="b">Biblioteca Municipal de Montalegre</subfield><subfield code="g">RPC</subfield></datafield><datafield tag="856" ind1=" " ind2=" "><subfield code="u">locateMedia.asp?cod=20060508153722&amp;ext=jpg</subfield><subfield code="z">CAPA</subfield></datafield><datafield tag="909" ind1="&#9;" ind2=" "><subfield code="a">1</subfield></datafield><datafield tag="966" ind1=" " ind2=" "><subfield code="a">0008402</subfield><subfield code="l">BMM</subfield><subfield code="s">SCG 821 BER tre</subfield></datafield></record></collection>